<?xml version="1.0" encoding="UTF-8"?><record xmlns="http://www.loc.gov/MARC21/slim" xmlns:cinclude="http://apache.org/cocoon/include/1.0" xmlns:zs="http://www.loc.gov/zing/srw/">
  <leader>00644cz  a2200157n  4500</leader>
  <controlfield tag="001">n  84049578 </controlfield>
  <controlfield tag="003">DLC</controlfield>
  <controlfield tag="005">20081123080251.0</controlfield>
  <controlfield tag="008">840918n| acannaabn          |a anc     c</controlfield>
  <datafield tag="010" ind1=" " ind2=" ">
    <subfield code="a">n  84049578 </subfield>
    <subfield code="z">n  84218652 </subfield>
  </datafield>
  <datafield tag="035" ind1=" " ind2=" ">
    <subfield code="a">(OCoLC)oca01229333</subfield>
  </datafield>
  <datafield tag="040" ind1=" " ind2=" ">
    <subfield code="a">MH</subfield>
    <subfield code="b">eng</subfield>
    <subfield code="c">DLC</subfield>
    <subfield code="d">DLC</subfield>
    <subfield code="d">OCoLC</subfield>
  </datafield>
  <datafield tag="110" ind1="2" ind2=" ">
    <subfield code="a">Odense universitet.</subfield>
    <subfield code="b">Centre for Arab Area Studies</subfield>
  </datafield>
  <datafield tag="410" ind1="2" ind2=" ">
    <subfield code="a">Odense universitet.</subfield>
    <subfield code="b">Center for Arab Area Studies</subfield>
  </datafield>
  <datafield tag="510" ind1="2" ind2=" ">
    <subfield code="w">a</subfield>
    <subfield code="a">Odense universitet.</subfield>
    <subfield code="b">Projekt Nordafrika</subfield>
  </datafield>
  <datafield tag="670" ind1=" " ind2=" ">
    <subfield code="a">Arab studies in Scandinavia, Dec. 1983:</subfield>
    <subfield code="b">cover verso (Centre for Arab Area Studies (former Project North Africa), University of Odense ... Center for Arab Area Studies)</subfield>
  </datafield>
</record>